@article{Temperton_1995, title={Treatment of the Coriolis Terms in Semi-Lagrangian Spectral Models}, number={March 1994}, author={Temperton, Clive}, year={1995} }

@book{Hack_Jakob_1992, title={Description of a global shallow water model based on the spectral transform method}, volume={NCAR/TN-34}, url={http://nldr.library.ucar.edu/repository/assets/technotes/asset-000-000-000-154.pdf}, journal={NCAR Technical Note}, author={Hack, JJ and Jakob, R}, year={1992} }


@article{Schreiber_Schaeffer_Loft_2019, title={Exponential integrators with parallel-in-time rational approximations for the shallow-water equations on the rotating sphere}, volume={85}, ISSN={0167-8191}, DOI={10.1016/j.parco.2019.01.005}, journal={Parallel Computing}, publisher={Elsevier B.V.}, author={Schreiber, Martin and Schaeffer, NathanaÃ«l and Loft, Richard}, year={2019}, pages={56-65} }
 
@article{Schreiber_Loft_2018, title={A parallel time integrator for solving the linearized shallow water equations on the rotating sphere}, volume={26}, ISSN={10991506}, url={https://doi.org/10.1002/nla.2220}, DOI={10.1002/nla.2220}, number={2}, journal={Numerical Linear Algebra with Applications}, author={Schreiber, Martin and Loft, Richard}, year={2018} }

